@INPROCEEDINGS{casa1,
   author = {{McMullin}, J.~P. and {Waters}, B. and {Schiebel}, D. and {Young}, W. and 
	{Golap}, K.},
    title = "{CASA Architecture and Applications}",
booktitle = {Astronomical Data Analysis Software and Systems XVI},
     year = 2007,
   series = {Astronomical Society of the Pacific Conference Series},
   volume = 376,
   editor = {{Shaw}, R.~A. and {Hill}, F. and {Bell}, D.~J.},
    month = oct,
    pages = {127},
   adsurl = {http://adsabs.harvard.edu/abs/2007ASPC..376..127M},
  adsnote = {Provided by the SAO/NASA Astrophysics Data System}
}



@INPROCEEDINGS{casa2,
   author = {{Emonts}, B.},
    title = "{CASA Architecture and Applications}",
booktitle = {Astronomical Data Analysis Software and Systems XXVIII},
     year = 2019,
   series = {Astronomical Society of the Pacific Conference Series},
   volume = 376,
   editor = {{Teuben}, P.~J. and {Pound}, M.~W. and {Thomas}, B. and {Warner}, E.~M. },
    month = oct,
    pages = {127},
   adsurl = {http://adsabs.harvard.edu/abs/2007ASPC..376..127M},
  adsnote = {Provided by the SAO/NASA Astrophysics Data System}
}


@ARTICLE{tp2vis,
   author = {{Koda}, Jin and {Teuben}, Peter and {Sawada}, Tsuyoshi and {Plunkett}, Adele and {Fomalont}, Ed},
    title = "{the TP2VIS paper}",
  journal = {Publications of the Astronomical Society of the Pacific},
     year = 2019,
   volume = {in press.},
    pages = {},
}

@INPROCEEDINGS{tp2vis2,
       author = {{Teuben}, Peter and {Koda}, Jin},
        title = "{Combining Single Dish and Interferometric data: a new tool in CASA}",
    booktitle = {American Astronomical Society Meeting Abstracts \#231},
         year = "2018",
       series = {American Astronomical Society Meeting Abstracts},
       volume = {231},
        month = "Jan",
          eid = {150.17},
        pages = {150.17},
       adsurl = {https://ui.adsabs.harvard.edu/\#abs/2018AAS...23115017T},
      adsnote = {Provided by the SAO/NASA Astrophysics Data System}
}

